%% This is a collection of stubs of the most frequently used bibtex entries
%% with the required fields. Please refer to BibTeX/BibLaTeX docs for
%% additional details.
%% http://biblatex-biber.sourceforge.net/

%% An article from a journal or magazine.
@article{,
  author    = "",
  title     = "",
  journal   = "",
  volume    = ,
  year      = 
}

%% A book with an explicit publisher.
@book{,
  author    = "",
  title     = "",
  publisher = "",
  year      = 
}

%% The same as inproceedings
@conference{,
  author    = "",
  title     = "",
  booktitle = "",
  number    = ,
  year      = 
}
    
%% An article in a conference proceedings.
@inproceedings{,
  author    = "",
  title     = "",
  booktitle = "",
  year      = 
}

%% A Master's thesis.
@masterthesis{,
  author = "",
  title  = "",
  school = "",
  year   = 
}
    
%% An online resource (BibLaTeX only)
@online{ONLINE-SYLLABUS,
  author       = "Erin Sparling",
  title        = "\href{http://destroytheinternet.com}{Destroy the Internet â€“ Syllabus}",
  year         = 2020,
  url          = {http://destroytheinternet.com}
}

@online{CLASS-RESOURCES,
  author       = "Erin Sparling",
  title        = "\href{https://memepool.glitch.me}{Memepool - Class Resource List}",
  year         = 2018-2020,
  url          = {https://memepool.glitch.me}
}

@online{CONTACT-TRACING,
  author       = "Apple and Google",
  title        = "\href{https://covid19-static.cdn-apple.com/applications/covid19/current/static/contact-tracing/pdf/ExposureNotification-FAQv1.2.pdf}{Contact Tracing API FAQ}",
  year         = 2020,
  url          = {https://covid19.apple.com/contacttracing}
}


% 

%% A Ph.D. thesis.
@phdthesis{,
  author = "",
  title  = "",
  school = "",
  year   = 
}

%% A report published by a school or other institution, usually numbered within a series.
@techreport{,
  author      = "",
  title       = "",
  institution = "",
  year        = 
}
%% A document having an author and title, but not formally published
@unpublished{,
  author = "",
  title  = "",
  note   = "",
  month  = "",
  year   = 
}
   
